@phdthesis{figueiredo,
  title={Par{\^a}metros ac{\'u}sticos subjetivos: Crit{\'e}rios para avalia{\c{c}}{\~a}o da qualidade ac{\'u}stica de salas de m{\'u}sica},
  author={Figueiredo, F{\'a}bio Le{\~a}o},
  year={2005}
}

@incollection{thiollent,
  title={Metodologia da pesquisa-a{\c{c}}{\~a}o},
  author={Thiollent, Michel},
  booktitle={Metodologia da pesquisa-a{\c{c}}{\~a}o},
  year={1986},
  publisher={Cortez}
}

@article{rocha,
  title={VIABILIDADE DA UTILIZA{\c{C}}{\~A}O DA PESQUISA-A{\c{C}}{\~A}O EM SITUA{\c{C}}{\~O}ES DE ENSINO-APENDIZAGEM},
  author={Rocha, Termisia Luiza},
  journal={Cadernos da FUCAMP},
  volume={11},
  number={14},
  year={2012}
}

@article{loschi,
  title={An{\'a}lise do som transmitido por madeiras de diferentes densidades},
  author={Loschi Neto, An{\c{c}}ano},
  year={2007},
  publisher={Universidade Federal de Lavras}
}

@phdthesis{meirelles,
  title={Monitoramento de m{\'e}tricas de c{\'o}digo-fonte em projetos de software livre},
  author={Meirelles, Paulo Roberto Miranda},
  year={2013},
  school={Universidade de S{\~a}o Paulo}
}

@phdthesis{kalibro,
  title={Kalibro: interpreta{\c{c}}{\~a}o de m{\'e}tricas de c{\'o}digo-fonte},
  author={de Oliveira Filho, Carlos Morais},
  year={2013},
  school={Universidade de S{\~a}o Paulo}
}

@phdthesis{rezende,
  title={Aplicando t{\'e}cnicas de comunica{\c{c}}ao para a facilita{\c{c}}ao de debates no ambiente AulaNet},
  author={Rezende, Juliana L},
  year={2003},
  school={Disserta{\c{c}}{\~a}o de Mestrado, PUC-Rio}
}

@article{tonicenarios,
  title={Cen{\'a}rios e An{\'a}lise Estrat{\'e}gica: quest{\~o}es metodol{\'o}gicas},
  author={TONI, J},
  year={2006},
  journal={Rev. Espa{\c{c}}o}
}

@article{fortecenarios,
  title={Contribui{\c{c}}{\~o}es recentes ao estudo de cen{\'a}rios na estrat{\'e}gia empresarial--miopia opcional ou tudo ainda embri{\~o}es?},
  author={Forte, Arruda Cavalcante}
}

@article{schwaber,
  title={gil{\`e} Software Development with Scrum},
  author={Schwaber, K and Beedle, Mike},
  year={2002}
}

@article{parametros,
  title={Par{\^a}metros subjetivos em salas destinadas {\`a} pratica musical},
  author={Iazzetta, Fernando and Figueiredo, F{\'a}bio Le{\~a}o and Masiero, Bruno Sanches},
  journal={Guimar{\~a}es, Ac{\'u}stica},
  year={2004}
}

@article{leonardo,
  title={Estudo e Desenvolvimento de Sistemas Multiagentes usando JADE: Java Agent Development framework},
  author={Silva, LA de M},
  journal={Trabalho de Conclus{\~a}o de Curso (Gradua{\c{c}}{\~a}o em Ci{\^e}ncias da Computa{\c{c}}{\~a}o)--Centro Tecnol{\'o}gico. Universidade Federal de Pernambuco, Pernambuco},
  year={2003}
}

@article{fabiana,
	title={Simulação acústica em ambientes fechados utilizando o método do traçado de raios e fontes virtuais},
	year={2013},
	author={OFUGI, F M A and COSTA JR E A and GOMES M H A},
	address={Faculdade do Gama – Universidade de Brasília},
	}

@article{franca,
  title={An{\'a}lise Comparativa entre as Plataformas Multiagentes JADE e FIPA-OS},
  author={Fran{\c{c}}a, R{\^o}mulo Martins and Moreira, Thiago Drummond and Labidi, Sofiane and Paiva, Bruno},
  Month = {Acedido em Abril de},
  year={2012}
}

@incollection{jade2,
  title={Developing multi-agent systems with JADE},
  author={Bellifemine, Fabio and Poggi, Agostino and Rimassa, Giovanni},
  booktitle={Intelligent Agents VII Agent Theories Architectures and Languages},
  pages={89--103},
  year={2001},
  publisher={Springer}
}

@book{jade1,
  title={Developing multi-agent systems with JADE},
  author={Bellifemine, Fabio Luigi and Caire, Giovanni and Greenwood, Dominic},
  volume={7},
  year={2007},
  publisher={John Wiley \& Sons}
}

@article{camilo,
  title={Engenharia ac{\'u}stica auxiliada por computador: um m{\'e}todo h{\'\i}brido para simula{\c{c}}{\~a}o de ac{\'u}stica de salas},
  author={Camilo, T S and Tenenbaum, R A and Coelho, J L Bento},
  journal={Anais do SEMEA},
  year={2002}
}

@article{bastos,
  title={AN{\'A}LISE NUM{\'E}RICA E EXPERIMENTAL DOS PAR{\^A}METROS AC{\'U}STICOS DE UMA SALA DE AULA DA UNIVERSIDADE FEDERAL DO PAR{\'A}},
  author={Bastos, Leopoldo Pacheco and Cardoso, Helder F{\'a}bio Santos and de Melo, Gustavo da Silva Vieira},
  Year={2010},
  Address={Campina Grande - Paraíba}
}

@article{carvalho,
  title={Metodologia de an{\'a}lise do desempenho da usina de concentra{\c{c}}{\~a}o da Samarco Minera{\c{c}}{\~a}o SA baseada em simula{\c{c}}{\~a}o das opera{\c{c}}{\~o}es},
  author={Carvalho, Du{\'\i}lio Donizete Teixeira de},
  year={2003},
  publisher={Programa de P{\'o}s-Gradua{\c{c}}{\~a}o em Engenharia Mineral. Departamento de Engenharia de Minas, Escola de Minas, Universidade Federal de Ouro Preto.}
}

@techreport{schriber,
  title={Simulation using GPSS},
  author={Schriber, Thomas J},
  year={1974},
  institution={DTIC Document}
}

@book{law,
  title={Simulation modeling and analysis},
  author={Law, Averill M and Kelton, W David},
  volume={2},
  year={1991},
  publisher={McGraw-Hill New York}
}

@phdthesis{torga,
  title={Modelagem, simula{\c{c}}{\~a}o e otimiza{\c{c}}{\~a}o em sistemas puxados de manufatura},
  author={TORGA, BRUNO LOPES MENDES},
  year={2007},
  school={UNIVERSIDADE FEDERAL DE ITAJUB{\'A}}
}

@phdthesis{thomaz,
  title={Um arcabouço para construção de sistemas multiagentes musicais},
  author={Leandro Ferrari Thomaz},
  year={2011},
  school={Universidade de Sao Paulo},
  url={http://www.teses.usp.br/teses/disponiveis/45/45134/tde-13082011-113109/}
}

@book{multiagentes,
  title={An Introduction to MultiAgent Systems},
  author={Wooldridge, M.},
  isbn={9780470519462},
  lccn={2009004188},
  url={http://books.google.com.br/books?id=X3ZQ7yeDn2IC},
  year={2009},
  publisher={Wiley}
}

@book{multiagentes2,
  title={Multiagent Systems: A Modern Approach to Distributed Artificial Intelligence},
  author={Weiss, G.},
  isbn={9780262731317},
  lccn={98049797},
  series={Intelligent Robotics and Autonomous Agents Series},
  url={http://books.google.com.br/books?id=JYcznFCN3xcC},
  year={1999},
  publisher={MIT Press}
}

@misc{nagamitsu1995sound,
  title={Sound environment simulator using a computer simulation and a method of analyzing a sound space},
  author={Nagamitsu, S. and Sakai, M. and Kodama, H. and Okada, T.},
  url={http://www.google.com/patents/US5467401},
  year={1995},
  month=nov # "~14",
  publisher={Google Patents},
  note={US Patent 5,467,401}
}

@book{gil,
	Author = {Antônio Carlos Gil},
	Title = {Como elaborar projetos de pesquisa},
	Year = {2002},
	Address = {São Paulo, Brasil},
	Publisher = {Atlas},
	Volume = {4},
}

@book{silva,
	Author = {Pérides Silva},
	Title = {Acústica arquitetônica},
	Year = {1971},
	series={Publicação (Universidade Federal de Minas Gerais)},
	Address = {Belo Horizonte, MG},
	Publisher = {Edições Engenharia e Arquitetura},
}

@book{fundamentals,
  title={Fundamentals of acoustics},
  author={Kinsler, L.E.},
  isbn={9780471847892},
  lccn={99049667},
  year={2000},
  publisher={Wiley}
}

@book{bistafa,
  title={Acústica aplicada ao controle do ruído},
  author={Bistafa, S.R.},
  isbn={9788521203766},
  year={2006},
  publisher={Edgard Bl{\"u}cher}
}

@article{tafner,
	Author = {Renata Silva and Elisabeth Penzlien Tafner},
	Title = {Apostila de metodologia científica},
	Year = {2006},
	Address = {Associação Educacional do Vale do Itajaí-Mirim},
	URL = {http://www.teses.usp.br/teses/disponiveis/18/18149/tde-2592012-204752/},
}

@article{ramires,
	Author = {Fabiana Ramires},
	Title = {Coeficiente de espalhamento sonoro de painéis perfurados. Dissertação (mestrado)},
	Year = {2011},
	Address = {Faculdade de Engenharia Civil, Arquitetura e Urbanismo, Universidade Estatual de Campinas, São Paulo},
	URL = {http://www.bibliotecadigital.unicamp.br/document/?code=000811191&fd=y}	
}

@article{santos,
	Author = {Christian dos Santos},
	Title = {Influência do espalhamento acústico na percepção auditiva de espaços: métodos e desenvolvimentos},
	Year = {2011},
	Address = {Campinas, SP},
}

@article{torres,
	Author = {Mário Henrique Cruz Torres},
	Title = {Simulação acústica no ambiente AcMus. Dissertação (Mestrado em Ciência da Computação)},
	Year = {2008},
	Address = {Instituto de Matemática e Estatística, Universidade de São Paulo, São Paulo},
	URL = {http://www.teses.usp.br/teses/disponiveis/45/45134/tde-09092009-103134/}
}

@inproceedings{sparrow1980,
	Author = {E. M. Sparrow},
	Title = {Forced Convection Heat Transfer in a Duct Having Spanwise-Periodic Rectangular Protuberances},
	Year = {1980},
	Pages = {149-167},
	Volume = {3},
	Booktitle = {Numerical Heat Transfer},
}

@article{clark1986,
	Author = {J. A. Clark},
	Title = {Private Communication},
	Year = {1986},
	Address = {University of Michigan},
}

@article{arruda2007,
	Author = {M. B. B. Arruda},
	Title = {Como fazer referências: bibliográficas, eletrônicas e demais
	formas de documentos},
	Year = {2007},
	Url = {http://bu.ufsc.br/framerefer.html}
}

@article{coimbra1978,
	Author = {A. L. Coimbra},
	Title = {Lessons of Continuum Mechanics},
	Year = {1978},
	Address = {São Paulo, Brazil},
	Pages = {428},
	Editor = {Edgard Blücher},
}

@inproceedings{bordalo1989,
	Author = {S. N. Bordalo and J. H. Ferziger and S. J. Kline},
	Title = {The Development of Zonal Models for Turbulence},
	Year = {1989},
	Pages = {41-44},
	Booktitle = {Proceedings of the 10th Brazilian Congress of Mechanical
	Engineering}, 
	Volume = {1},	
}

@manual{NBR14724:2011,
	Address = {Rio de Janeiro},
	Date-Added = {2012-12-15 20:34:08 +0000},
	Date-Modified = {2012-12-15 20:35:25 +0000},
	Month = mar,
	Org-Short = {ABNT},
	Organization = {Associa{\c c}\~ao Brasileira de Normas T\'ecnicas},
	Pages = 15,
	Subtitle = {Informa{\c c}\~ao e documenta{\c c}\~ao --- trabalhos acad\^emicos --- apresenta{\c c}\~ao},
	Title = {{NBR} 14724},
	Year = 2011
}

@manual{NBR6034:2000,
	Address = {Rio de Janeiro},
	Org-Short = {ABNT},
	Organization = {Associa{\c c}\~ao Brasileira de Normas T\'ecnicas},
	Subtitle = {Informa{\c c}\~ao e documenta{\c c}\~ao --- Referências},
	Title = {{NBR} 14724},
	Year = 2000
}

