@phdthesis{figueiredo,
  title={Par{\^a}metros ac{\'u}sticos subjetivos: Crit{\'e}rios para avalia{\c{c}}{\~a}o da qualidade ac{\'u}stica de salas de m{\'u}sica},
  author={Figueiredo, F{\'a}bio Le{\~a}o},
  year={2005}
}

@phdthesis{kalibro,
  title={Kalibro: interpreta{\c{c}}{\~a}o de m{\'e}tricas de c{\'o}digo-fonte},
  author={de Oliveira Filho, Carlos Morais},
  year={2013},
  school={Universidade de S{\~a}o Paulo}
}

@phdthesis{meirelles,
  title={Monitoramento de m{\'e}tricas de c{\'o}digo-fonte em projetos de software livre},
  author={Meirelles, Paulo Roberto Miranda},
  year={2013},
  school={Universidade de S{\~a}o Paulo}
}

@article{ramon,
	Author = {Ramon Cruz da Silva},
	Title = {Ferramenta de estratégia financeira apoiada por sistemas multiagentes comportamentais},
	year={2015},
	school={Universidade de Brasília}
}

@phdthesis{torga,
  title={Modelagem, simula{\c{c}}{\~a}o e otimiza{\c{c}}{\~a}o em sistemas puxados de manufatura},
  author={TORGA, BRUNO LOPES MENDES},
  year={2007},
  school={UNIVERSIDADE FEDERAL DE ITAJUB{\'A}},
  Address={Minas Gerais}
}

@article{torres,
	Author = {Mário Henrique Cruz Torres},
	Title = {Simulação acústica no ambiente AcMus. Dissertação (Mestrado em Ciência da Computação)},
	Year = {2008},
	Address = {São Paulo},
	school = {Instituto de Matemática e Estatística, Universidade de São Paulo}
}

@book{gil,
	Author = {Antônio Carlos Gil},
	Title = {Como elaborar projetos de pesquisa},
	Year = {2002},
	Address = {São Paulo, Brasil},
	Publisher = {Atlas},
	Volume = {4},
}

@incollection{thiollent,
  title={Metodologia da pesquisa-a{\c{c}}{\~a}o},
  author={Thiollent, Michel},
  booktitle={Metodologia da pesquisa-a{\c{c}}{\~a}o},
  year={1986},
  publisher={Cortez}
}

@article{rocha,
  title={VIABILIDADE DA UTILIZA{\c{C}}{\~A}O DA PESQUISA-A{\c{C}}{\~A}O EM SITUA{\c{C}}{\~O}ES DE ENSINO-APENDIZAGEM},
  author={Rocha, Termisia Luiza},
  journal={Cadernos da FUCAMP},
  volume={11},
  number={14},
  year={2012}
}